<record><leader>00000cas a22000007a 4500</leader><controlfield tag="001">36999057</controlfield><controlfield tag="008">970602d19391941okuwr n       0    0eng d</controlfield><datafield ind1=" " ind2=" " tag="010"><subfield code="a">sn 97064899 </subfield></datafield><datafield ind1=" " ind2=" " tag="040"><subfield code="a">OBN</subfield><subfield code="b">eng</subfield><subfield code="c">OBN</subfield><subfield code="d">OCLCQ</subfield><subfield code="d">OCLCF</subfield><subfield code="d">OCLCO</subfield></datafield><datafield ind1="1" ind2=" " tag="029"><subfield code="a">AU@</subfield><subfield code="b">000013283132</subfield></datafield><datafield ind1=" " ind2=" " tag="042"><subfield code="a">msc</subfield></datafield><datafield ind1=" " ind2=" " tag="043"><subfield code="a">n-us-ok</subfield></datafield><datafield ind1="0" ind2="4" tag="245"><subfield code="a">The Washington countain and the Washington County legal news.</subfield></datafield><datafield ind1="3" ind2=" " tag="246"><subfield code="a">Countian</subfield></datafield><datafield ind1=" " ind2=" " tag="260"><subfield code="a">Dewey, Okla. :</subfield><subfield code="b">Hugh Amick</subfield></datafield><datafield ind1=" " ind2=" " tag="300"><subfield code="a">v.</subfield></datafield><datafield ind1=" " ind2=" " tag="310"><subfield code="a">Weekly</subfield></datafield><datafield ind1="0" ind2=" " tag="362"><subfield code="a">Vol. 1, no. 1 (Sep. 5, 1939)-v. 2, no. 51 (Mar. 11, 1941).</subfield></datafield><datafield ind1=" " ind2="0" tag="651"><subfield code="a">Dewey (Okla.)</subfield><subfield code="v">Newspapers.</subfield></datafield><datafield ind1=" " ind2="0" tag="651"><subfield code="a">Washington County (Okla.)</subfield><subfield code="v">Newspapers.</subfield></datafield><datafield ind1=" " ind2="7" tag="655"><subfield code="a">Newspapers.</subfield><subfield code="2">fast</subfield><subfield code="0">(OCoLC)fst01423814</subfield></datafield><datafield ind1=" " ind2="7" tag="651"><subfield code="a">Oklahoma</subfield><subfield code="z">Dewey.</subfield><subfield code="2">fast</subfield><subfield code="0">(OCoLC)fst01221556</subfield></datafield><datafield ind1=" " ind2="7" tag="651"><subfield code="a">Oklahoma</subfield><subfield code="z">Washington County.</subfield><subfield code="2">fast</subfield><subfield code="0">(OCoLC)fst01223288</subfield></datafield><datafield ind1=" " ind2=" " tag="752"><subfield code="a">United States</subfield><subfield code="b">Oklahoma</subfield><subfield code="c">Washington</subfield><subfield code="d">Dewey.</subfield></datafield><datafield ind1="0" ind2="4" tag="780"><subfield code="t">Washington County legal news</subfield></datafield><datafield ind1="0" ind2="4" tag="780"><subfield code="t">Washington countian (Dewey, Okla. : 1939)</subfield><subfield code="w">(DLC)sn 97064898</subfield><subfield code="w">(OCoLC)36998999</subfield></datafield><datafield ind1="0" ind2="0" tag="785"><subfield code="t">Washington countian (Dewey, Okla. : 1941)</subfield><subfield code="w">(DLC)sn 97064900</subfield><subfield code="w">(OCoLC)36999106</subfield></datafield></record>